


@Book{Lauritzen2021,
  Title                    = {{Basic Mathematical Statistics}},
  Author                   = {Steffen Lauritzen},
  Publisher                = {University of Copenhagen, Department of Mathematical Sciences},
  Year                     = {2021},

  Address                  = {2100 Copenhagen, Denmark: Universitetsparken 5},

  ISBN                     = {978-87-7125-075-6},
  Pages                    = {185}
}

@Book{Bjork2020,
  Title                    = {{Arbitrage Theory in Continous Time}},
  Author                   = {Tomas Bj√∂rk},
  Publisher                = {Stockholm School of Economics},
  Year                     = {2020},
  ISBN                     = {978-0-19-885161-5},
  Pages                    = {561}


}
